@ARTICLE{brehmer:2013,
  author={M. {Brehmer} and T. {Munzner}},
  journal={IEEE Transactions on Visualization and Computer Graphics},
  title={A Multi-Level Typology of Abstract Visualization Tasks},
  year={2013},
  volume={19},
  number={12},
  pages={2376-2385},}

@ARTICLE{kosara:2006,
author={R. {Kosara} and F. {Bendix} and H. {Hauser}},
journal={IEEE Transactions on Visualization and Computer Graphics},
title={Parallel Sets: interactive exploration and visual analysis of categorical data},
year={2006},
volume={12},
number={4},
pages={558-568},
keywords={data analysis;data visualisation;interactive systems;very large databases;Parallel Sets;categorical data interactive exploration;categorical data visualization;information visualization;large CRM data set;housing data;Data analysis;Data visualization;Computer Society;Switches;Performance analysis;Frequency;Buildings;Statistics;Information visualization;interaction;nominal data;categorical data;multivariate data.;Computer Graphics;Computer Simulation;Data Display;Data Interpretation, Statistical;Databases, Factual;Image Interpretation, Computer-Assisted;Information Storage and Retrieval;Models, Statistical;User-Computer Interface},
doi={10.1109/TVCG.2006.76},
ISSN={2160-9306},
month={July},}

@INPROCEEDINGS{latoza:2011,
author={T. D. {LaToza} and B. A. {Myers}},
booktitle={2011 IEEE Symposium on Visual Languages and Human-Centric Computing (VL/HCC)},
title={Visualizing call graphs},
year={2011},
volume={},
number={},
pages={117-124},
keywords={program debugging;program visualisation;reverse engineering;interactive call graph visualization;REACHER;program visualization;program comprehension;control flow;Visualization;Navigation;Context;Joining processes;Debugging;Vegetation;Upper bound;code exploration;call graphs;control flow;program visualization;program comprehension},
doi={10.1109/VLHCC.2011.6070388},
ISSN={1943-6092},
month={Sep.},}

@INPROCEEDINGS{bohnet:2009,
author={J. {Bohnet} and M. {Koeleman} and J. {Doellner}},
booktitle={2009 5th IEEE International Workshop on Visualizing Software for Understanding and Analysis},
title={Visualizing massively pruned execution traces to facilitate trace exploration},
year={2009},
volume={},
number={},
pages={57-64},
keywords={program visualisation;software maintenance;system monitoring;pruned execution traces visualisation;trace exploration;software maintenance tasks;repetition-aware visualizations;prototypical analysis tool;C/C++ software systems;Visualization;Programming profession;Software systems;Navigation;Software prototyping;Control systems;Electrical equipment industry;Documentation;Image analysis;Scalability},
doi={10.1109/VISSOF.2009.5336416},
ISSN={null},
month={Sep.},}

@INPROCEEDINGS{telea:2009,
author={A. {Telea} and H. {Hoogendorp} and O. {Ersoy} and D. {Reniers}},
booktitle={2009 5th IEEE International Workshop on Visualizing Software for Understanding and Analysis},
title={Extraction and visualization of call dependencies for large C/C++ code bases: A comparative study},
year={2009},
volume={},
number={},
pages={81-88},
keywords={C++ language;graph theory;program visualisation;call dependencies visualization;C/C++ code bases;function calls;call-and-hierarchy graphs;node-link diagrams;call dependencies extraction;program dependencies;integrated pipeline;Data visualization;Data mining;Pipelines;Software systems;Robustness;Mathematics;Permission;Large-scale systems;Software testing;System testing},
doi={10.1109/VISSOF.2009.5336419},
ISSN={null},
month={Sep.},}

@article{shneiderman:1992,
author = {Shneiderman, Ben},
title = {Tree Visualization with Tree-Maps: 2-d Space-Filling Approach},
year = {1992},
issue_date = {Jan. 1992},
publisher = {Association for Computing Machinery},
address = {New York, NY, USA},
volume = {11},
number = {1},
issn = {0730-0301},
url = {https://doi.org/10.1145/102377.115768},
doi = {10.1145/102377.115768},
journal = {ACM Trans. Graph.},
month = jan,
pages = {92â€“99},
numpages = {8}
}
